<?xml version="1.0" encoding="UTF-8"?><collection xmlns="http://www.loc.gov/MARC21/slim"><record><leader>00370nam--2200121-i-4500</leader><controlfield tag="001">000042029</controlfield><controlfield tag="002">20161230</controlfield><controlfield tag="005">20161230201043</controlfield><controlfield tag="008">060222s1000------------r-----000-0-eng-d</controlfield><datafield ind1=" " ind2=" " tag="100"><subfield code="a">Snedze,A.A., Tihomirov,A.V. Si Drineeerg,A.L</subfield></datafield><datafield ind1=" " ind2=" " tag="245"><subfield code="a">Tehnologia acoperirilor de lacuri si vopsele</subfield></datafield><datafield ind1=" " ind2=" " tag="260"><subfield code="a">Bucuresti Idt. 267 P. + 2 P.Tabla De Materii. 268-353 P.Erata</subfield></datafield><datafield ind1=" " ind2=" " tag="852"><subfield code="a">1360</subfield></datafield></record></collection>